<record><leader>00000cas a22000007a 4500</leader><controlfield tag="001">18547456</controlfield><controlfield tag="008">880930d1881188umduuu ne      0    0eng d</controlfield><datafield ind1=" " ind2=" " tag="010"><subfield code="a">sn 88065099 </subfield></datafield><datafield ind1=" " ind2=" " tag="040"><subfield code="a">MFN</subfield><subfield code="b">eng</subfield><subfield code="c">MFN</subfield><subfield code="d">OCLCQ</subfield></datafield><datafield ind1=" " ind2=" " tag="042"><subfield code="a">msc</subfield></datafield><datafield ind1="0" ind2=" " tag="130"><subfield code="a">Meteor (Catonsville, Md.)</subfield></datafield><datafield ind1="1" ind2="4" tag="245"><subfield code="a">The meteor.</subfield></datafield><datafield ind1=" " ind2=" " tag="260"><subfield code="a">Catonsville, Md. :</subfield><subfield code="b">Edwin J. Farber</subfield></datafield><datafield ind1=" " ind2=" " tag="300"><subfield code="a">v.</subfield></datafield><datafield ind1="1" ind2=" " tag="362"><subfield code="a">Began in 1881.</subfield></datafield><datafield ind1=" " ind2=" " tag="588"><subfield code="a">Description based on: Vol. 1, no. 2 (June 7, 1881).</subfield></datafield><datafield ind1=" " ind2=" " tag="752"><subfield code="a">United States</subfield><subfield code="b">Maryland</subfield><subfield code="c">Baltimore</subfield><subfield code="d">Catonsville.</subfield></datafield></record>